<record><leader>00000cas a22000007a 4500</leader><controlfield tag="001">18519003</controlfield><controlfield tag="008">880923u1970uuuualuwr ne      0    0eng d</controlfield><datafield ind1=" " ind2=" " tag="010"><subfield code="a">sn 88050174 </subfield></datafield><datafield ind1=" " ind2=" " tag="040"><subfield code="a">AAR</subfield><subfield code="b">eng</subfield><subfield code="c">AAR</subfield><subfield code="d">CPN</subfield><subfield code="d">OCLCQ</subfield></datafield><datafield ind1=" " ind2=" " tag="042"><subfield code="a">msc</subfield></datafield><datafield ind1="0" ind2=" " tag="130"><subfield code="a">Mobile tribune (Mobile, Ala. : 1970)</subfield></datafield><datafield ind1="1" ind2="4" tag="245"><subfield code="a">The Mobile tribune.</subfield></datafield><datafield ind1=" " ind2=" " tag="260"><subfield code="a">Mobile, Ala. :</subfield><subfield code="b">Jack W. Seebeck</subfield></datafield><datafield ind1=" " ind2=" " tag="300"><subfield code="a">v.</subfield></datafield><datafield ind1=" " ind2=" " tag="310"><subfield code="a">Weekly</subfield></datafield><datafield ind1="1" ind2=" " tag="362"><subfield code="a">Began in 1970.</subfield></datafield><datafield ind1=" " ind2=" " tag="588"><subfield code="a">Description based on: Vol. 2, no. 4 (Jan. 28, 1971).</subfield></datafield><datafield ind1=" " ind2=" " tag="752"><subfield code="a">United States</subfield><subfield code="b">Alabama</subfield><subfield code="c">Mobile</subfield><subfield code="d">Mobile.</subfield></datafield><datafield ind1="1" ind2=" " tag="029"><subfield code="a">AU@</subfield><subfield code="b">000025803537</subfield></datafield></record>